@misc{chen2020quantum,
      title={Quantum Long Short-Term Memory}, 
      author={Samuel Yen-Chi Chen and Shinjae Yoo and Yao-Lung L. Fang},
      year={2020},
      eprint={2009.01783},
      archivePrefix={arXiv},
      primaryClass={quant-ph}
}

@book{yanofsky2008quantum,
  title={Quantum Computing for Computer Scientists},
  author={Yanofsky, N.S. and Mannucci, M.A.},
  isbn={9781139643900},
  url={https://books.google.co.il/books?id=U1chAwAAQBAJ},
  year={2008},
  publisher={Cambridge University Press}
}

@book{mcmahon2007quantum,
  title={Quantum Computing Explained},
  author={McMahon, D.},
  isbn={9780470181362},
  series={IEEE Press},
  url={https://books.google.de/books?id=bDXwFHJNKFAC},
  year={2007},
  publisher={Wiley}
}

@book{nielsen2010quantum,
  title={Quantum Computation and Quantum Information: 10th Anniversary Edition},
  author={Nielsen, M.A. and Chuang, I.L.},
  isbn={9781139495486},
  url={https://books.google.co.il/books?id=-s4DEy7o-a0C},
  year={2010},
  publisher={Cambridge University Press}
}

@book{homeister2018quantum,
  title={Quantum Computing verstehen: Grundlagen -- Anwendungen -- Perspektiven},
  author={Homeister, M.},
  isbn={9783658228842},
  series={Computational Intelligence},
  url={https://books.google.co.il/books?id=3rJwDwAAQBAJ},
  year={2018},
  publisher={Springer Fachmedien Wiesbaden}
}

@misc{pennylane_variational_circuit_2022,
  title={Variational Circuit - PennyLane},
  url={https://pennylane.ai/qml/glossary/variational_circuit.html},
  journal={PennyLane - Quantum Machine Learning},
  publisher={Xanadu},
  author={PennyLane Team, Xanadu},
  year={2022},
}

@ARTICLE{9144562,
  author={Chen, Samuel Yen-Chi and Yang, Chao-Han Huck and Qi, Jun and Chen, Pin-Yu and Ma, Xiaoli and Goan, Hsi-Sheng},
  journal={IEEE Access}, 
  title={Variational Quantum Circuits for Deep Reinforcement Learning}, 
  year={2020},
  volume={8},
  number={},
  pages={141007-141024},
  doi={10.1109/ACCESS.2020.3010470}
}

@article{Chen_2022,
	doi = {10.1088/2632-2153/ac4559},
  
	url = {https://doi.org/10.1088%2F2632-2153%2Fac4559},
  
	year = 2022,
	month = {feb},
  
	publisher = {{IOP} Publishing},
  
	volume = {3},
  
	number = {1},
  
	pages = {015025},
  
	author = {Samuel Yen-Chi Chen and Chih-Min Huang and Chia-Wei Hsing and Hsi-Sheng Goan and Ying-Jer Kao},
  
	title = {Variational quantum reinforcement learning via evolutionary optimization},
  
	journal = {Machine Learning: Science and Technology}
}}

@article{Preskill_2018,
	doi = {10.22331/q-2018-08-06-79},
  
	url = {https://doi.org/10.22331%2Fq-2018-08-06-79},
  
	year = 2018,
	month = {aug},
  
	publisher = {Verein zur Forderung des Open Access Publizierens in den Quantenwissenschaften},
  
	volume = {2},
  
	pages = {79},
  
	author = {John Preskill},
  
	title = {Quantum Computing in the {NISQ} era and beyond},
  
	journal = {Quantum}
}}

@misc{paszke2019pytorch,
      title={PyTorch: An Imperative Style, High-Performance Deep Learning Library}, 
      author={Adam Paszke and Sam Gross and Francisco Massa and Adam Lerer and James Bradbury and Gregory Chanan and Trevor Killeen and Zeming Lin and Natalia Gimelshein and Luca Antiga and Alban Desmaison and Andreas Köpf and Edward Yang and Zach DeVito and Martin Raison and Alykhan Tejani and Sasank Chilamkurthy and Benoit Steiner and Lu Fang and Junjie Bai and Soumith Chintala},
      year={2019},
      eprint={1912.01703},
      archivePrefix={arXiv},
      primaryClass={cs.LG}
}

@misc{kingma2017adam,
      title={Adam: A Method for Stochastic Optimization}, 
      author={Diederik P. Kingma and Jimmy Ba},
      year={2017},
      eprint={1412.6980},
      archivePrefix={arXiv},
      primaryClass={cs.LG}
}

@Article{scikit-learn,
  author       = {F. Pedregosa and G. Varoquaux and A. Gramfort and V. Michel and B. Thirion and O. Grisel and M. Blondel and P. Prettenhofer and R. Weiss and V. Dubourg and J. Vanderplas and A. Passos and D. Cournapeau and M. Brucher and M. Perrot and E. Duchesnay},
  title        = {{Scikit-learn: Machine Learning in Python}},
  journal      = {Journal of Machine Learning Research},
  year         = {2011},
  volume       = {12},
  pages        = {2825--2830},
  publisher    = {JMLR.org},
}

@misc{AlphaVantageAPI,
  title = {Alpha Vantage API},
  howpublished = {\url{https://www.alphavantage.co/}},
  note = {Accessed: 04.02.2024},
  year = {2024}
}

@misc{jin2022hyperparameter,
      title={Hyperparameter Importance for Machine Learning Algorithms}, 
      author={Honghe Jin},
      year={2022},
      eprint={2201.05132},
      archivePrefix={arXiv},
      primaryClass={stat.ML}
}

@book{goodfellow2016deep,
  title={Deep Learning},
  author={Goodfellow, Ian and Bengio, Yoshua and Courville, Aaron},
  year={2016},
  publisher={MIT Press}
}

@book{hyndman2018forecasting,
  title={Forecasting: Principles and Practice},
  author={Hyndman, Rob J and Athanasopoulos, George},
  year={2018},
  publisher={OTexts}
}

@article{makridakis2020m4,
  title={The M4 Competition: 100,000 time series and 61 forecasting methods},
  author={Makridakis, Spyros and Spiliotis, Evangelos and Assimakopoulos, Vassilios},
  journal={International Journal of Forecasting},
  volume={36},
  number={1},
  pages={54--74},
  year={2020},
  publisher={Elsevier}
}

@misc{chen2020quantum,
      title={Quantum Long Short-Term Memory}, 
      author={Samuel Yen-Chi Chen and Shinjae Yoo and Yao-Lung L. Fang},
      year={2020},
      eprint={2009.01783},
      archivePrefix={arXiv},
      primaryClass={quant-ph}
}

@misc{bergholm2022pennylane,
      title={PennyLane: Automatic differentiation of hybrid quantum-classical computations}, 
      author={Ville Bergholm and Josh Izaac and Maria Schuld and Christian Gogolin and Shahnawaz Ahmed and Vishnu Ajith and M. Sohaib Alam and Guillermo Alonso-Linaje and B. AkashNarayanan and Ali Asadi and Juan Miguel Arrazola and Utkarsh Azad and Sam Banning and Carsten Blank and Thomas R Bromley and Benjamin A. Cordier and Jack Ceroni and Alain Delgado and Olivia Di Matteo and Amintor Dusko and Tanya Garg and Diego Guala and Anthony Hayes and Ryan Hill and Aroosa Ijaz and Theodor Isacsson and David Ittah and Soran Jahangiri and Prateek Jain and Edward Jiang and Ankit Khandelwal and Korbinian Kottmann and Robert A. Lang and Christina Lee and Thomas Loke and Angus Lowe and Keri McKiernan and Johannes Jakob Meyer and J. A. Montañez-Barrera and Romain Moyard and Zeyue Niu and Lee James O'Riordan and Steven Oud and Ashish Panigrahi and Chae-Yeun Park and Daniel Polatajko and Nicolás Quesada and Chase Roberts and Nahum Sá and Isidor Schoch and Borun Shi and Shuli Shu and Sukin Sim and Arshpreet Singh and Ingrid Strandberg and Jay Soni and Antal Száva and Slimane Thabet and Rodrigo A. Vargas-Hernández and Trevor Vincent and Nicola Vitucci and Maurice Weber and David Wierichs and Roeland Wiersema and Moritz Willmann and Vincent Wong and Shaoming Zhang and Nathan Killoran},
      year={2022},
      eprint={1811.04968},
      archivePrefix={arXiv},
      primaryClass={quant-ph}
}

@misc{IBMQuantum2023,
  author = {{IBM}},
  title = {Quantum Computing},
  year = {2023},
  howpublished = {\url{https://research.ibm.com/quantum-computing}},
  note = {Accessed: 2024-02-04}
}

@article{Chen_2021,
	doi = {10.1088/2632-2153/ac104d},
  
	url = {https://doi.org/10.1088%2F2632-2153%2Fac104d},
  
	year = 2021,
	month = {sep},
  
	publisher = {{IOP} Publishing},
  
	volume = {2},
  
	number = {4},
  
	pages = {045021},
  
	author = {Samuel Yen-Chi Chen and Chih-Min Huang and Chia-Wei Hsing and Ying-Jer Kao},
  
	title = {An end-to-end trainable hybrid classical-quantum classifier},
  
	journal = {Machine Learning: Science and Technology}
}}

@misc{https://doi.org/10.48550/arxiv.2110.06510,
  doi = {10.48550/ARXIV.2110.06510},
  
  url = {https://arxiv.org/abs/2110.06510},
  
  author = {Di Sipio, Riccardo and Huang, Jia-Hong and Chen, Samuel Yen-Chi and Mangini, Stefano and Worring, Marcel},
  
  keywords = {Computation and Language (cs.CL), Artificial Intelligence (cs.AI), Computer Vision and Pattern Recognition (cs.CV), Machine Learning (cs.LG), Quantum Physics (quant-ph), FOS: Computer and information sciences, FOS: Computer and information sciences, FOS: Physical sciences, FOS: Physical sciences},
  
  title = {The Dawn of Quantum Natural Language Processing},
  
  publisher = {arXiv},
  
  year = {2021},
  
  copyright = {Creative Commons Attribution 4.0 International}
}

@misc{emmanoulopoulos2022quantum,
      title={Quantum Machine Learning in Finance: Time Series Forecasting}, 
      author={Dimitrios Emmanoulopoulos and Sofija Dimoska},
      year={2022},
      eprint={2202.00599},
      archivePrefix={arXiv},
      primaryClass={quant-ph}
}

@article{Janiesch_2021,
   title={Machine learning and deep learning},
   volume={31},
   ISSN={1422-8890},
   url={http://dx.doi.org/10.1007/s12525-021-00475-2},
   DOI={10.1007/s12525-021-00475-2},
   number={3},
   journal={Electronic Markets},
   publisher={Springer Science and Business Media LLC},
   author={Janiesch, Christian and Zschech, Patrick and Heinrich, Kai},
   year={2021},
   month=apr, pages={685–695} }


@article{KLIOUTCHNIKOV2017368,
title = {Chaos Theory in Finance},
journal = {Procedia Computer Science},
volume = {119},
pages = {368-375},
year = {2017},
note = {6th International Young Scientist Conference on Computational Science, YSC 2017, 01-03 November 2017, Kotka, Finland},
issn = {1877-0509},
doi = {https://doi.org/10.1016/j.procs.2017.11.196},
url = {https://www.sciencedirect.com/science/article/pii/S1877050917324067},
author = {Igor Klioutchnikov and Mariia Sigova and Nikita Beizerov}
}

@article{lawrence1997using,
  title={Using neural networks to forecast stock market prices},
  author={Lawrence, Ramon},
  journal={University of Manitoba},
  volume={333},
  number={2006},
  pages={2013},
  year={1997}
}

@misc{s2023potential,
      title={The Potential of Quantum Techniques for Stock Price Prediction}, 
      author={Naman S and Gaurang B and Neel S and Aswath Babu H},
      year={2023},
      eprint={2308.13642},
      archivePrefix={arXiv},
      primaryClass={q-fin.CP}
}

@misc{heaton2018deep,
      title={Deep Learning in Finance}, 
      author={J. B. Heaton and N. G. Polson and J. H. Witte},
      year={2018},
      eprint={1602.06561},
      archivePrefix={arXiv},
      primaryClass={cs.LG}
}

@misc{alcazar2020classical,
      title={Classical versus Quantum Models in Machine Learning: Insights from a Finance Application}, 
      author={Javier Alcazar and Vicente Leyton-Ortega and Alejandro Perdomo-Ortiz},
      year={2020},
      eprint={1908.10778},
      archivePrefix={arXiv},
      primaryClass={quant-ph}
}

@misc{xu2023quantumenhanced,
      title={Quantum-Enhanced Forecasting: Leveraging Quantum Gramian Angular Field and CNNs for Stock Return Predictions}, 
      author={Zhengmeng Xu and Yujie Wang and Xiaotong Feng and Yilin Wang and Yanli Li and Hai Lin},
      year={2023},
      eprint={2310.07427},
      archivePrefix={arXiv},
      primaryClass={cs.LG}
}

@book{nielsen_chuang_2010,
    place={Cambridge},
    title={Quantum Computation and Quantum Information: 10th Anniversary Edition}, DOI={10.1017/CBO9780511976667},
    publisher={Cambridge University Press},
    author={Nielsen, Michael A. and Chuang, Isaac L.},
    year={2010}
}

@misc{li2023quantum,
      title={Quantum Recurrent Neural Networks for Sequential Learning}, 
      author={Yanan Li and Zhimin Wang and Rongbing Han and Shangshang Shi and Jiaxin Li and Ruimin Shang and Haiyong Zheng and Guoqiang Zhong and Yongjian Gu},
      year={2023},
      eprint={2302.03244},
      archivePrefix={arXiv},
      primaryClass={quant-ph}
}

@misc{bausch2020recurrent,
      title={Recurrent Quantum Neural Networks}, 
      author={Johannes Bausch},
      year={2020},
      eprint={2006.14619},
      archivePrefix={arXiv},
      primaryClass={cs.LG}
}

@article{Schuld_2021,
   title={Effect of data encoding on the expressive power of variational quantum-machine-learning models},
   volume={103},
   ISSN={2469-9934},
   url={http://dx.doi.org/10.1103/PhysRevA.103.032430},
   DOI={10.1103/physreva.103.032430},
   number={3},
   journal={Physical Review A},
   publisher={American Physical Society (APS)},
   author={Schuld, Maria and Sweke, Ryan and Meyer, Johannes Jakob},
   year={2021},
   month=mar }

@article{Kraus_2001,
   title={Optimal creation of entanglement using a two-qubit gate},
   volume={63},
   ISSN={1094-1622},
   url={http://dx.doi.org/10.1103/PhysRevA.63.062309},
   DOI={10.1103/physreva.63.062309},
   number={6},
   journal={Physical Review A},
   publisher={American Physical Society (APS)},
   author={Kraus, B. and Cirac, J. I.},
   year={2001},
   month=may }

@article{DEGOOIJER2006443,
title = {25 years of time series forecasting},
journal = {International Journal of Forecasting},
volume = {22},
number = {3},
pages = {443-473},
year = {2006},
note = {Twenty five years of forecasting},
issn = {0169-2070},
doi = {https://doi.org/10.1016/j.ijforecast.2006.01.001},
url = {https://www.sciencedirect.com/science/article/pii/S0169207006000021},
author = {Jan G. {De Gooijer} and Rob J. Hyndman},
keywords = {Accuracy measures, ARCH, ARIMA, Combining, Count data, Densities, Exponential smoothing, Kalman filter, Long memory, Multivariate, Neural nets, Nonlinearity, Prediction intervals, Regime-switching, Robustness, Seasonality, State space, Structural models, Transfer function, Univariate, VAR}
}

@article{SEZER2020106181,
title = {Financial time series forecasting with deep learning : A systematic literature review: 2005–2019},
journal = {Applied Soft Computing},
volume = {90},
pages = {106181},
year = {2020},
issn = {1568-4946},
doi = {https://doi.org/10.1016/j.asoc.2020.106181},
url = {https://www.sciencedirect.com/science/article/pii/S1568494620301216},
author = {Omer Berat Sezer and Mehmet Ugur Gudelek and Ahmet Murat Ozbayoglu},
keywords = {Deep learning, Finance, Computational intelligence, Machine learning, Time series forecasting, CNN, LSTM, RNN}
}

@article{SAGHEER2019203,
title = {Time series forecasting of petroleum production using deep LSTM recurrent networks},
journal = {Neurocomputing},
volume = {323},
pages = {203-213},
year = {2019},
issn = {0925-2312},
doi = {https://doi.org/10.1016/j.neucom.2018.09.082},
url = {https://www.sciencedirect.com/science/article/pii/S0925231218311639},
author = {Alaa Sagheer and Mostafa Kotb},
keywords = {Time series forecasting, Deep neural networks, Recurrent neural networks, Long-short term memory, Petroleum production forecasting}
}

@inproceedings{10.1145/3377713.3377722,
author = {Yamak, Peter T. and Yujian, Li and Gadosey, Pius K.},
title = {A Comparison between ARIMA, LSTM, and GRU for Time Series Forecasting},
year = {2020},
isbn = {9781450372619},
publisher = {Association for Computing Machinery},
address = {New York, NY, USA},
url = {https://doi.org/10.1145/3377713.3377722},
doi = {10.1145/3377713.3377722},
booktitle = {Proceedings of the 2019 2nd International Conference on Algorithms, Computing and Artificial Intelligence},
pages = {49–55},
numpages = {7},
keywords = {ARIMA, Bitcoin, Time Series, GRU, LSTM},
location = {Sanya, China},
series = {ACAI '19}
}

  
@misc{liu2023financial,
      title={Financial Time-Series Forecasting: Towards Synergizing Performance And Interpretability Within a Hybrid Machine Learning Approach}, 
      author={Shun Liu and Kexin Wu and Chufeng Jiang and Bin Huang and Danqing Ma},
      year={2023},
      eprint={2401.00534},
      archivePrefix={arXiv},
      primaryClass={cs.LG}
}

@online{starmer2022,
  author={Josh Starmer},
  title={Long Short-Term Memory (LSTM), Clearly Explained},
  date={2022-11-07},
  url={https://www.youtube.com/watch?v=YCzL96nL7j0},
  note={Accessed: 2024-04-02}
}
 